%% This BibTeX bibliography file was created using BibDesk.
%% http://bibdesk.sourceforge.net/


%% Created for Andreas Reufer at 2011-03-28 22:28:35 +0200 


%% Saved with string encoding Westeuropäisch (ISO Latin 1) 



@article{Asphaug:2010p3539,
	Abstract = {Not Available},
	Author = {Erik Asphaug},
	Date-Added = {2011-03-28 22:28:25 +0200},
	Date-Modified = {2011-03-28 22:28:35 +0200},
	Doi = {10.1016/j.chemer.2010.01.004},
	Journal = {Chemie der Erde - Geochemistry},
	Month = {Jan},
	Pages = {199},
	Pmid = {2010ChEG...70..199A},
	Rating = {0},
	Read = {Yes},
	Title = {Similar-sized collisions and the diversity of planets},
	Volume = {70},
	Year = {2010},
	Bdsk-File-1 = {YnBsaXN0MDDUAQIDBAUIJidUJHRvcFgkb2JqZWN0c1gkdmVyc2lvblkkYXJjaGl2ZXLRBgdUcm9vdIABqAkKFRYXGyIjVSRudWxs0wsMDQ4RFFpOUy5vYmplY3RzV05TLmtleXNWJGNsYXNzog8QgASABqISE4ACgAOAB1lhbGlhc0RhdGFccmVsYXRpdmVQYXRo0hgNGRpXTlMuZGF0YU8RAswAAAAAAswAAgAAB0NhbGliYW4AAAAAAAAAAAAAAAAAAAAAAAAAAMkpKwhIKwAAABBJZh8yMDEwX0FzcGhhdWdfU2ltaWxhciMxMDRBNTUucGRmAAAAAAAAAAAAAAAAAAAAAAAAAAAAAAAAAAAAAAAAAAAAEEpVyHeMWgAAAAAAAAAAAAMAAwAACSAAAAAAAAAAAAAAAAAAAAAeQ2hlbWllIGRlciBFcmRlIC0gR2VvY2hlbWlzdHJ5ABAACAAAySkc+AAAABEACAAAyHdwOgAAAAEAFAAQSWYAEEhbABA7lwAQO04AAABiAAIAZUNhbGliYW46VXNlcnM6YXJldWZlcjpEb2N1bWVudHM6UGFwZXJzOkNoZW1pZSBkZXIgRXJkZSAtIEdlb2NoZW1pc3RyeToyMDEwX0FzcGhhdWdfU2ltaWxhciMxMDRBNTUucGRmAAAOALYAWgAyADAAMQAwAF8AQQBzAHAAaABhAHUAZwBfAFMAaQBtAGkAbABhAHIALQBzAGkAegBlAGQAIABjAG8AbABsAGkAcwBpAG8AbgBzACAAYQBuAGQAIAB0AGgAZQAgAGQAaQB2AGUAcgBzAGkAdAB5AF8AQwBoAGUAbQBpAGUAIABkAGUAcgAgAEUAcgBkAGUAIAAtACAARwBlAG8AYwBoAGUAbQBpAHMAdAByAHkALgBwAGQAZgAPABAABwBDAGEAbABpAGIAYQBuABIAmFVzZXJzL2FyZXVmZXIvRG9jdW1lbnRzL1BhcGVycy9DaGVtaWUgZGVyIEVyZGUgLSBHZW9jaGVtaXN0cnkvMjAxMF9Bc3BoYXVnX1NpbWlsYXItc2l6ZWQgY29sbGlzaW9ucyBhbmQgdGhlIGRpdmVyc2l0eV9DaGVtaWUgZGVyIEVyZGUgLSBHZW9jaGVtaXN0cnkucGRmABMAAS8AABUAAgAO//8AAIAF0hwdHh9YJGNsYXNzZXNaJGNsYXNzbmFtZaMfICFdTlNNdXRhYmxlRGF0YVZOU0RhdGFYTlNPYmplY3RfEIkuLi8uLi8uLi9QYXBlcnMvQ2hlbWllIGRlciBFcmRlIC0gR2VvY2hlbWlzdHJ5LzIwMTBfQXNwaGF1Z19TaW1pbGFyLXNpemVkIGNvbGxpc2lvbnMgYW5kIHRoZSBkaXZlcnNpdHlfQ2hlbWllIGRlciBFcmRlIC0gR2VvY2hlbWlzdHJ5LnBkZtIcHSQloiUhXE5TRGljdGlvbmFyeRIAAYagXxAPTlNLZXllZEFyY2hpdmVyAAgAEQAWAB8AKAAyADUAOgA8AEUASwBSAF0AZQBsAG8AcQBzAHYAeAB6AHwAhgCTAJgAoANwA3IDdwOAA4sDjwOdA6QDrQQ5BD4EQQROBFMAAAAAAAACAQAAAAAAAAAoAAAAAAAAAAAAAAAAAAAEZQ==},
	Bdsk-Url-1 = {http://adsabs.harvard.edu/cgi-bin/nph-data_query?bibcode=2010ChEG...70..199A&link_type=EJOURNAL},
	Bdsk-Url-2 = {http://dx.doi.org/10.1016/j.chemer.2010.01.004}}

@article{Melosh:1989p996,
	Abstract = {Title:  : A geologic process. Authors: , HJ. Affiliation: AA(Arizona, University, Tucson, AZ). Publication: Research supported by NASA. },
	Author = {H. J Melosh},
	Date-Added = {2011-03-28 22:25:06 +0200},
	Date-Modified = {2011-03-28 22:28:10 +0200},
	Month = {Jan},
	Rating = {0},
	Read = {Yes},
	Title = {Impact cratering: A geologic process},
	Year = {1989},
	Bdsk-File-1 = {YnBsaXN0MDDUAQIDBAUIJidUJHRvcFgkb2JqZWN0c1gkdmVyc2lvblkkYXJjaGl2ZXLRBgdUcm9vdIABqAkKFRYXGyIjVSRudWxs0wsMDQ4RFFpOUy5vYmplY3RzV05TLmtleXNWJGNsYXNzog8QgASABqISE4ACgAOAB1lhbGlhc0RhdGFccmVsYXRpdmVQYXRo0hgNGRpXTlMuZGF0YU8RAmwAAAAAAmwAAgAAB0NhbGliYW4AAAAAAAAAAAAAAAAAAAAAAAAAAMkpKwhIKwAAABBJrx8xOTg5X01lbG9zaF9JbXBhY3QgYyMxMDRCMkUucGRmAAAAAAAAAAAAAAAAAAAAAAAAAAAAAAAAAAAAAAAAAAAAEEsuxK4VXAAAAAAAAAAAAAMAAwAACSAAAAAAAAAAAAAAAAAAAAASYWRzYWJzLmhhcnZhcmQuZWR1ABAACAAAySkc+AAAABEACAAAxK35PAAAAAEAFAAQSa8AEEhbABA7lwAQO04AAABiAAIAWUNhbGliYW46VXNlcnM6YXJldWZlcjpEb2N1bWVudHM6UGFwZXJzOmFkc2Ficy5oYXJ2YXJkLmVkdToxOTg5X01lbG9zaF9JbXBhY3QgYyMxMDRCMkUucGRmAAAOAI4ARgAxADkAOAA5AF8ATQBlAGwAbwBzAGgAXwBJAG0AcABhAGMAdAAgAGMAcgBhAHQAZQByAGkAbgBnACAAQQAgAGcAZQBvAGwAbwBnAGkAYwAgAHAAcgBvAGMAZQBzAHMAXwBhAGQAcwBhAGIAcwAuAGgAYQByAHYAYQByAGQALgBlAGQAdQAuAHAAZABmAA8AEAAHAEMAYQBsAGkAYgBhAG4AEgB4VXNlcnMvYXJldWZlci9Eb2N1bWVudHMvUGFwZXJzL2Fkc2Ficy5oYXJ2YXJkLmVkdS8xOTg5X01lbG9zaF9JbXBhY3QgY3JhdGVyaW5nIEEgZ2VvbG9naWMgcHJvY2Vzc19hZHNhYnMuaGFydmFyZC5lZHUucGRmABMAAS8AABUAAgAO//8AAIAF0hwdHh9YJGNsYXNzZXNaJGNsYXNzbmFtZaMfICFdTlNNdXRhYmxlRGF0YVZOU0RhdGFYTlNPYmplY3RfEGkuLi8uLi8uLi9QYXBlcnMvYWRzYWJzLmhhcnZhcmQuZWR1LzE5ODlfTWVsb3NoX0ltcGFjdCBjcmF0ZXJpbmcgQSBnZW9sb2dpYyBwcm9jZXNzX2Fkc2Ficy5oYXJ2YXJkLmVkdS5wZGbSHB0kJaIlIVxOU0RpY3Rpb25hcnkSAAGGoF8QD05TS2V5ZWRBcmNoaXZlcgAIABEAFgAfACgAMgA1ADoAPABFAEsAUgBdAGUAbABvAHEAcwB2AHgAegB8AIYAkwCYAKADEAMSAxcDIAMrAy8DPQNEA00DuQO+A8EDzgPTAAAAAAAAAgEAAAAAAAAAKAAAAAAAAAAAAAAAAAAAA+U=},
	Bdsk-Url-1 = {http://adsabs.harvard.edu/abs/1989QB603.C7M45....}}

@article{Barnes:1986p2853,
	Affiliation = {AA(The Institute for Advanced Study, School of Natural Sciences, Princeton, NJ 08450, USA), AB(The Institute for Advanced Study, School of Natural Sciences, Princeton, NJ 08450, USA)},
	Author = {Josh Barnes and Piet Hut},
	Date-Added = {2009-06-05 21:51:13 +0200},
	Date-Modified = {2009-06-05 21:51:43 +0200},
	Doi = {10.1038/324446a0},
	Journal = {Nature},
	Month = {Dec},
	Pages = {446},
	Pmid = {1986Natur.324..446B},
	Rating = {0},
	Read = {Yes},
	Title = {A Hierarchical O(NlogN) Force-Calculation Algorithm},
	Uri = {papers://BA03EFF4-D12A-4B2B-9EF4-7752DA34B8E4/Paper/p2853},
	Volume = {324},
	Year = {1986},
	Bdsk-Url-1 = {http://dx.doi.org/10.1038/324446a0}}

@article{Monaghan:2005p2677,
	Affiliation = {School of Mathematical Sciences, Monash University, Vic 3800, Australia joe.monaghan@sci.monash.edu.au},
	Author = {J. J Monaghan},
	Date-Added = {2008-12-15 16:33:12 +0100},
	Date-Modified = {2008-12-15 16:33:27 +0100},
	Doi = {10.1088/0034-4885/68/8/R01},
	Journal = {Rep. Prog. Phys.},
	Month = {Aug},
	Pages = {1703},
	Pmid = {2005RPPh...68.1703M},
	Rating = {0},
	Read = {Yes},
	Title = {Smoothed particle hydrodynamics},
	Uri = {papers://BA03EFF4-D12A-4B2B-9EF4-7752DA34B8E4/Paper/p2677},
	Volume = {68},
	Year = {2005},
	Bdsk-Url-1 = {http://dx.doi.org/10.1088/0034-4885/68/8/R01}}

@article{Price:2004p2613,
	Author = {Daniel J Price},
	Date-Added = {2008-12-05 16:47:29 +0100},
	Date-Modified = {2008-12-05 16:51:58 +0100},
	Journal = {Dissertation},
	Month = {Oct},
	Pages = {187},
	Rating = {0},
	Read = {Yes},
	Title = {Magnetic fields in astrophysics},
	Year = {2004}}
